%% This BibTeX bibliography file was created using BibDesk.
%% http://bibdesk.sourceforge.net/

%% Created for Sivaraman Balakrishnan at 2015-06-05 12:32:30 +0530 


%% Saved with string encoding Unicode (UTF-8) 


@string{ac = {IEEE Trans. Automatic Control}}

@string{annprob = {The Annals of Probability}}

@string{annaprob = {The Annals of Applied Probability}}

@string{annstat = {The Annals of Statistics}}

@string{annmstat = {The Annals of Mathematical Statistics}}

@string{assp = {IEEE Trans. Acoust. Speech Signal Proc.}}

@string{bc = {Biol. Cybern.}}

@string{cas = {IEEE Trans. Circuits and Systems}}

@string{cgip = {Comp. Graphics Image Proc.}}

@string{com = {IEEE Trans. Comm.}}

@string{cvgip = {Comp. Vis. Graphics Image Proc.}}

@string{icassp = {Proc. {ICASSP}}}

@string{ieeeit = {IEEE Trans. Info. Theory}}

@string{ijcv = {Intl. J. Comp. Vis.}}

@string{ip = {IEEE Trans. Image. Proc.}}

@string{it = {IEEE Trans. Info. Theory}}

@string{jamss = {Journal of the American Statistical Society}}

@string{jasa = {Journal of the American Statistical Association}}

@string{jcss = {J. Comput. Syst. Sci.}}

@string{jmultvar = {Journal of Multivariate Analysis}}

@string{jmlr = {Journal for Machine Learning Research}}

@string{jneuro = {Journal of Neuroscience}}

@string{josa = {J. Opt. Soc. Am. A}}

@string{jphysi = {Journal of Physiology}}

@string{jroyalstat = {J. R. Stat. Soc. B}}

@string{nip = {Neur. Info. Proc. Sys.}}

@string{pami = {IEEE Trans. {PAMI}}}

@string{procieee = {Proc. IEEE}}

@string{prsl = {Proceedings of the Royal Society of London}}

@string{selcom = {IEEE Jour. Sel. Comm.}}

@string{siamc = {SIAM J. Control}}

@string{siamjam = {SIAM J. Applied Mathematics}}

@string{siamjcont = {SIAM J. Control and Optimization}}

@string{siamjmanal = {SIAM J. Mathematical Analysis}}

@string{siammatrix = {SIAM J. Matrix Anal. Appl.}}

@string{siamimag = {SIAM J. on Imaging Sciences}}

@string{siggraph = {Proc. {ACM} {SIGGRAPH}}}

@string{smc = {IEEE Trans. SMC}}

@string{sp = {IEEE Trans. Sig. Proc.}}

@string{splet = {IEEE Signal Proc. Letters.}}

@string{syscon = {Systems and Control Letters}}

@string{vr = {Vision Research}}

@book{LedTalBanach,
  title={{P}robability in {B}anach {S}paces: {I}soperimetry and {P}rocesses},
  author={Ledoux, Michel and Talagrand, Michel},
  volume={23},
  year={2013},
  publisher={Springer Science \& Business Media}
}

@article{Led96,
  title={On {T}alagrand's deviation inequalities for product measures},
  author={Ledoux, Michel},
  journal={ESAIM: Probability and statistics},
  volume={1},
  pages={63--87},
  year={1997}
}

@book{vdVWell,
  title={Weak Convergence and Empirical Processes},
  author={Van Der Vaart, Aad W and Wellner, Jon A},
  year=1996,
  publisher={Springer}
}

@article{YiCar15,
  title={Regularized {EM} Algorithms: A Unified Framework and Provable Statistical Guarantees},
  author={Yi, Xinyang and Caramanis, Constantine},
  journal={arXiv preprint arXiv:1511.08551},
  year={2015}
}


@article{WangLiu14,
  title={High Dimensional Expectation-Maximization Algorithm: Statistical Optimization and Asymptotic Normality},
  author={Wang, Zhaoran and Gu, Quanquan and Ning, Yang and Liu, Han},
  journal={arXiv preprint arXiv:1412.8729},
  year={2014}
}

@article{baum1966,
  title={Statistical inference for probabilistic functions of finite state {M}arkov chains},
  author={L.E.~Baum and T.~Petrie},
  journal={The Annals of Mathematical Statistics},
  pages={1554--1563},
  year=1966,
  publisher={JSTOR}
}

@inproceedings{hsumog,
	Acmid = {2422439},
	Address = {New York, NY, USA},
	Author = {D.~Hsu and S.M.~Kakade},
	Booktitle = {Proceedings of the 4th Conference on Innovations in Theoretical Computer Science},
	Doi = {10.1145/2422436.2422439},
	Isbn = {978-1-4503-1859-4},
	Keywords = {method of moments, mixture models, mixtures of gaussians, spectral decomposition},
	Location = {Berkeley, California, USA},
	Numpages = {10},
	Pages = {11--20},
	Publisher = {ACM},
	Series = {ITCS '13},
	Title = {Learning Mixtures of Spherical {G}aussians: Moment Methods and Spectral Decompositions},
	Url = {http://doi.acm.org/10.1145/2422436.2422439},
	Year = {2013},
	Bdsk-Url-1 = {http://doi.acm.org/10.1145/2422436.2422439},
	Bdsk-Url-2 = {http://dx.doi.org/10.1145/2422436.2422439}
	}

@article{vempala,
	Acmid = {1016213},
	Address = {Orlando, FL, USA},
	Author = {S.~Vempala and G.~Wang},
	Doi = {10.1016/j.jcss.2003.11.008},
	Issn = {0022-0000},
	Issue_Date = {June 2004},
	Journal = jcss,
	Month = jun,
	Number = {4},
	Numpages = {20},
	Pages = {841--860},
	Publisher = {Academic Press, Inc.},
	Title = {A Spectral Algorithm for Learning Mixture Models},
	Url = {http://dx.doi.org/10.1016/j.jcss.2003.11.008},
	Volume = {68},
	Year = {2004},
	Bdsk-Url-1 = {http://dx.doi.org/10.1016/j.jcss.2003.11.008}
	}

@inproceedings{belkin,
	Author = {M.~Belkin and K.~Sinha},
	Booktitle = {{COLT} 2010 - The 23rd Conference on Learning Theory, Haifa, Israel, June 27-29, 2010},
	Date-Added = {2015-06-05 06:59:45 +0000},
	Date-Modified = {2015-06-05 07:02:28 +0000},
	Pages = {407--419},
	Title = {Toward Learning {G}aussian Mixtures with Arbitrary Separation},
	Year = {2010},
	Bdsk-Url-1 = {http://colt2010.haifa.il.ibm.com/papers/COLT2010proceedings.pdf#page=415}}

@inproceedings{moitra,
	Acmid = {1918373},
	Address = {Washington, DC, USA},
	Author = {A.~Moitra and G.~Valiant},
	Booktitle = {Proceedings of the 2010 IEEE 51st Annual Symposium on Foundations of Computer Science},
	Date-Added = {2015-06-05 06:58:42 +0000},
	Date-Modified = {2015-06-05 06:58:45 +0000},
	Doi = {10.1109/FOCS.2010.15},
	Isbn = {978-0-7695-4244-7},
	Keywords = {learning, method of moments, mixture models},
	Numpages = {10},
	Pages = {93--102},
	Publisher = {IEEE Computer Society},
	Series = {FOCS '10},
	Title = {Settling the Polynomial Learnability of Mixtures of {G}aussians},
	Url = {http://dx.doi.org/10.1109/FOCS.2010.15},
	Year = {2010},
	Bdsk-Url-1 = {http://dx.doi.org/10.1109/FOCS.2010.15}
	}

@inproceedings{dasgupta,
	Author = {S.~Dasgupta},
	Booktitle = {40th Annual Symposium on Foundations of Computer Science, {FOCS} '99, 17-18 October, 1999, New York, NY, {USA}},
	Pages = {634--644},
	Title = {Learning Mixtures of {G}aussians},
	Year = {1999},
	Bdsk-Url-1 = {http://dx.doi.org/10.1109/SFFCS.1999.814639}}

@article{mossel2006,
	Author = {E.~Mossel and S.~Roch},
	Date-Added = {2015-06-05 06:49:53 +0000},
	Date-Modified = {2015-06-05 06:49:59 +0000},
	Fjournal = {The Annals of Applied Probability},
	Journal = annaprob,
	Month = 05,
	Number = 2,
	Pages = {583--614},
	Publisher = {The Institute of Mathematical Statistics},
	Title = {Learning nonsingular phylogenies and {H}idden {M}arkov {M}odels},
	Volume = 16,
	Year = 2006,
	Bdsk-Url-1 = {http://dx.doi.org/10.1214/105051606000000024}
	}

@inproceedings{cryptohmm,
	Address = {London, UK, UK},
	Author = {S.~Terwijn},
	Booktitle = {Proceedings of the 6th International Colloquium on Grammatical Inference: Algorithms and Applications},
	Date-Added = {2015-06-05 06:48:35 +0000},
	Date-Modified = {2015-06-05 06:48:53 +0000},
	Pages = {261--268},
	Publisher = {Springer-Verlag},
	Series = {ICGI '02},
	Title = {On the Learnability of {H}idden {M}arkov {M}odels},
	Year = {2002},
	Bdsk-Url-1 = {http://dl.acm.org/citation.cfm?id=645519.655953}
	}

@article{bickel1998,
	Author = {P.J.~Bickel and Y.~Ritov and T.~Ryd{\'e}n},
	Date-Added = {2015-06-05 06:46:38 +0000},
	Date-Modified = {2015-06-05 06:46:45 +0000},
	Doi = {10.1214/aos/1024691255},
	Journal = annstat,
	Month = 08,
	Number = 4,
	Pages = {1614--1635},
	Publisher = {The Institute of Mathematical Statistics},
	Title = {Asymptotic normality of the maximum-likelihood estimator for general {H}idden {M}arkov {M}odels},
	Volume = 26,
	Year = 1998,
	Bdsk-Url-1 = {http://dx.doi.org/10.1214/aos/1024691255}
	}

@book{econbook,
	Author = {C.J.~Kim and C.R.~Nelson},
	Date-Added = {2015-06-05 02:09:09 +0000},
	Date-Modified = {2015-06-05 02:09:16 +0000},
	Isbn = {9780262112383},
	Lccn = {98044193},
	Publisher = {MIT Press},
	Title = {State-space Models with Regime Switching: Classical and Gibbs-sampling Approaches with Applications},
	Url = {https://books.google.co.in/books?id=eQFsQgAACAAJ},
	Year = {1999},
	Bdsk-Url-1 = {https://books.google.co.in/books?id=eQFsQgAACAAJ}}

@book{controlbook,
	Author = {R.J.~Elliott and L.~Aggoun and J.B.~Moore},
	Date-Added = {2015-06-05 02:03:01 +0000},
	Date-Modified = {2015-06-05 02:03:06 +0000},
	Isbn = {9780387943640},
	Lccn = {94028643},
	Publisher = {Springer},
	Series = {Applications of Mathematics},
	Title = {{H}idden {M}arkov {M}odels: Estimation and Control},
	Url = {https://books.google.co.in/books?id=aR6-ASc\_efQC},
	Year = {1995},
	Bdsk-Url-1 = {https://books.google.co.in/books?id=aR6-ASc%5C_efQC}}

@book{rabinerbook,
	Author = {L.R.~Rabiner and B.H.~Juang},
	Isbn = {9788129701381},
	Publisher = {Pearson Education},
	Series = {Pearson Education Signal Processing Series},
	Title = {Fundamentals of Speech Recognition},
	Url = {https://books.google.co.in/books?id=hoVLAAAACAAJ},
	Year = {1993},
	Bdsk-Url-1 = {https://books.google.co.in/books?id=hoVLAAAACAAJ}}

@book{durbinbook,
	Author = {R.~Durbin},
	Isbn = {9780521620413},
	Lccn = {97046769},
	Publisher = {Cambridge University Press},
	Title = {Biological Sequence Analysis: Probabilistic Models of Proteins and Nucleic Acids},
	Url = {https://books.google.co.in/books?id=R5P2GlJvigQC},
	Year = {1998},
	Bdsk-Url-1 = {https://books.google.co.in/books?id=R5P2GlJvigQC}}

@article{hand2013conditions,
	Author = {P.~Hand},
	Journal = {arXiv preprint arXiv:1303.1598},
	Title = {Conditions for Existence of Dual Certificates in Rank One Semidefinite Problems},
	Year = {2013}}

@article{Burer_Monteiro,
	Author = {Burer, Samuel and Monteiro, Renato DC},
	Journal = {Mathematical Programming},
	Number = {3},
	Pages = {427--444},
	Publisher = {Springer},
	Title = {Local minima and convergence in low-rank semidefinite programming},
	Volume = {103},
	Year = {2005}}

@article{Yang13_CPRL1,
	Author = {Yang, Zai and Zhang, Cishen and Xie, Lihua},
	Journal = {arXiv preprint arXiv:1302.0081},
	Title = {Robust compressive phase retrieval via l1 minimization with application to image reconstruction},
	Year = {2013}}

@inproceedings{Schniter12_MP,
	Author = {Schniter, Philip and Rangan, Sundeep},
	Booktitle = {Communication, Control, and Computing (Allerton), 2012 50th Annual Allerton Conference on},
	Organization = {IEEE},
	Pages = {815--822},
	Title = {Compressive phase retrieval via generalized approximate message passing},
	Year = 2012}

@article{Recht13_SGDMC,
	Author = {Recht, Benjamin and R{\'e}, Christopher},
	Journal = {Mathematical Programming Computation},
	Number = {2},
	Pages = {201--226},
	Publisher = {Springer},
	Title = {Parallel stochastic gradient algorithms for large-scale matrix completion},
	Volume = {5},
	Year = {2013}}

@article{Beck09_FISTA,
	Author = {Beck, Amir and Teboulle, Marc},
	Journal = siamimag,
	Number = {1},
	Pages = {183--202},
	Publisher = {SIAM},
	Title = {A fast iterative shrinkage-thresholding algorithm for linear inverse problems},
	Volume = {2},
	Year = {2009}}

@book{Boyd,
	Author = {Boyd, Stephen P and Vandenberghe, Lieven},
	Publisher = {Cambridge university press},
	Title = {Convex optimization},
	Year = {2004}}

@article{Strassen65,
	Author = {V.~Strassen},
	Journal = annmstat,
	Pages = {423--439},
	Publisher = {JSTOR},
	Title = {The existence of probability measures with given marginals},
	Year = 1965}

@incollection{Shapiro05_SAA,
	Author = {A.~Shapiro and A.~Nemirovski},
	Booktitle = {Continuous optimization},
	Pages = {111--146},
	Publisher = {Springer},
	Title = {On complexity of stochastic programming problems},
	Year = {2005}}

@article{Nemirovski09_RSGD,
	Author = {A.~Nemirovski and A.~Juditsky and G.~ Lan and A.~Shapiro},
	Journal = {SIAM Journal on Optimization},
	Number = {4},
	Pages = {1574--1609},
	Publisher = {SIAM},
	Title = {Robust stochastic approximation approach to stochastic programming},
	Volume = {19},
	Year = {2009}}

@article{vanHandel_HMM,
	Author = {R. van Handel},
	Journal = {Unpublished lecture notes},
	Publisher = {Citeseer},
	Title = {{H}idden {M}arkov {M}odels},
	Year = {2008}}

@misc{Moulines_HMM,
	Author = {O.~Capp{\'e} and E.~Moulines and T.~Ryd{\'e}n},
	Publisher = {Springer-Verlag, New York},
	Title = {{H}idden {M}arkov {M}odels},
	Year = {2004}}

@article{Hsu12,
	Author = {D.~Hsu and S.~Kakade and T.~Zhang},
	Journal = jcss,
	Number = 5,
	Pages = {1460--1480},
	Publisher = {Elsevier},
	Title = {A spectral algorithm for learning {H}idden {M}arkov {M}odels},
	Volume = 78,
	Year = 2012}

@inproceedings{Siddiqi10,
	Author = {S. M.~Siddiqi and B.~Boots and G. J.~Gordon},
	Booktitle = {Proc. 13th International Conference on Artificial Intelligence and Statistics},
	Title = {Reduced-rank {H}idden {M}arkov {M}odels},
	Year = {2010}}

@inproceedings{Kontorovich13,
	Author = {L. A.~Kontorovich and B.~Nadler and R.~Weiss},
	Booktitle = {Proc. 30th International Conference Machine Learning},
	Month = {June},
	Pages = {702-710},
	Title = {On learning parametric-output {HMM}s},
	Year = {2013}}

@inproceedings{Lakshmi10,
	Author = {B.~Lakshminarayanan and R.~Raich},
	Booktitle = {IEEE International Workshop on Machine Learning for Signal Processing},
	Organization = {IEEE},
	Pages = {89--94},
	Title = {Non-negative matrix factorization for parameter estimation in {H}idden {M}arkov {M}odels},
	Year = 2010}

@article{Dasgupta07,
	Author = {S.~Dasgupta and L.~Schulman},
	Journal = jmlr,
	Pages = {203--226},
	Title = {A probabilistic analysis of {EM} for mixtures of separated, spherical {G}aussians},
	Volume = {8},
	Year = {2007}}

@book{Levin_Mixing,
	Author = {D. A. ~Levin and Y.~Peres and E. L.~Wilmer},
	Publisher = {American Mathematical Soc.},
	Title = {{M}arkov chains and mixing times},
	Year = 2009}

@article{Berestycki_Mixing,
	Author = {N.~Berestycki},
	Title = {Lectures on Mixing Times},
	Year = {2014}}

@article{Sarig_Ergodic,
	Author = {O.~Sarig},
	Journal = {available online,(Version Dec 2009)},
	Title = {Lecture notes on ergodic theory},
	Year = {2008}}

@incollection{Bellet_Ergodic,
	Author = {L.R.~Bellet},
	Booktitle = {Open Quantum Systems II},
	Pages = {1--39},
	Publisher = {Springer},
	Title = {Ergodic properties of {M}arkov processes},
	Year = 2006}

@book{Kallenberg,
	Author = {O.~Kallenberg},
	Publisher = {Springer Science \& Business Media},
	Title = {Foundations of modern probability},
	Year = {2002}}

@article{BalWaiYu14,
	Author = {S. Balakrishnan and M. J.~Wainwright and B. Yu},
	Journal = {arXiv preprint arXiv:1408.2156},
	Title = {Statistical guarantees for the {EM} algorithm: From population to sample-based analysis},
	Year = 2014}

@article{Dempster77,
	Author = {A.P.~Dempster and N.M.~Laird and D.B.~Rubin},
	Journal = jroyalstat,
	Pages = {1--38},
	Publisher = {JSTOR},
	Title = {Maximum likelihood from incomplete data via the {EM} algorithm},
	Year = 1977}

@article{Baum70,
	Author = {L.E.~Baum and T.~Petrie and G.~Soules and N.~Weiss},
	Journal = annmstat,
	Pages = {164--171},
	Publisher = {JSTOR},
	Title = {A maximization technique occurring in the statistical analysis of probabilistic functions of {M}arkov chains},
	Year = 1970}

@article{Wu83,
	Author = {J. C.~Wu},
	Journal = {The Annals of Statistics},
	Pages = {95--103},
	Publisher = {JSTOR},
	Title = {On the convergence properties of the {EM} algorithm},
	Year = 1983}

@book{Lachlan97,
	Author = {G. J.~Lachlan and T.~Krishnan},
	Publisher = {Wiley Series in Probability and Statistics, Wiley},
	Title = {The EM algorithm and extensions},
	Year = 2007}

@article{Chaganty13,
	Author = {A.T.~Chaganty and P.~Liang},
	Journal = {arXiv preprint arXiv:1306.3729},
	Title = {Spectral experts for estimating mixtures of linear regressions},
	Year = {2013}}

@article{Lange95,
	Author = {K. Lange},
	Journal = jroyalstat,
	Pages = {425--437},
	Publisher = {JSTOR},
	Title = {A gradient algorithm locally equivalent to the {EM} algorithm},
	Year = {1995}}

@book{Zangwill1969,
	Author = {W.I.~Zangwill},
	Number = {9},
	Publisher = {Prentice-Hall Englewood Cliffs, NJ},
	Title = {Nonlinear programming: a unified approach},
	Volume = {196},
	Year = {1969}}

@book{Luenberger2008,
	Author = {D. G. Luenberger and Y. Ye},
	Publisher = {Springer Science \& Business Media},
	Title = {Linear and nonlinear programming},
	Volume = {116},
	Year = {2008}}

@article{Redner1984,
	Author = {R. A. Redner and H.F. Walker},
	Journal = {SIAM review},
	Number = {2},
	Pages = {195--239},
	Publisher = {SIAM},
	Title = {Mixture densities, maximum likelihood and the {EM} algorithm},
	Volume = {26},
	Year = {1984}}

@article{Kontorovich08,
	Author = {L. A.~Kontorovich and K. Ramanan},
	Journal = annprob,
	Number = {6},
	Pages = {2126--2158},
	Publisher = {Institute of Mathematical Statistics},
	Title = {Concentration inequalities for dependent random variables via the martingale method},
	Volume = {36},
	Year = {2008}}

@article{Yu94,
	Author = {B. Yu},
	Journal = annprob,
	Pages = {94--116},
	Publisher = {JSTOR},
	Title = {Rates of convergence for empirical processes of stationary mixing sequences},
	Year = {1994}}

@article{NobDem93,
	Author = {A. Nobel and A. Dembo},
	Journal = {Statistics \& Probability Letters},
	Number = 3,
	Pages = {169--172},
	Publisher = {Elsevier},
	Title = {A note on uniform laws of averages for dependent processes},
	Volume = 17,
	Year = 1993}



@ARTICLE{WaiJor08,
    AUTHOR = "M. J. Wainwright and M. I. Jordan",
    TITLE = "Graphical models, exponential families and variational
inference",
   JOURNAL = "Foundations and Trends in Machine Learning",
   YEAR = 2008,
   MONTH = "December",
   VOLUME = 1,
   NUMBER = "1--2",
   PAGES = "1---305"
}

@Article{Frank01,
  author =   {F.R. Kschischang and  B.J. Frey and H.-A. Loeliger},
  title =    {Factor graphs and the sum-product algorithm},
  journal =   ieeeit,
  year =     2001,
  volume =   47,
  NUMBER = 2,
  month =    {February},
  pages =    {498--519}
}
